<?xml version="1.0" encoding="UTF-8"?><record xmlns="http://www.loc.gov/MARC21/slim" xmlns:cinclude="http://apache.org/cocoon/include/1.0" xmlns:zs="http://www.loc.gov/zing/srw/">
  <leader>00769cz  a2200181n  4500</leader>
  <controlfield tag="001">n  84056838 </controlfield>
  <controlfield tag="003">DLC</controlfield>
  <controlfield tag="005">20110927074652.0</controlfield>
  <controlfield tag="008">840411n| acannaabn          |a aaa      </controlfield>
  <datafield tag="010" ind1=" " ind2=" ">
    <subfield code="a">n  84056838 </subfield>
  </datafield>
  <datafield tag="035" ind1=" " ind2=" ">
    <subfield code="a">(OCoLC)oca01112075</subfield>
  </datafield>
  <datafield tag="040" ind1=" " ind2=" ">
    <subfield code="a">DLC</subfield>
    <subfield code="b">eng</subfield>
    <subfield code="c">DLC</subfield>
    <subfield code="d">DLC</subfield>
    <subfield code="d">OCoLC</subfield>
    <subfield code="d">DLC</subfield>
  </datafield>
  <datafield tag="100" ind1="1" ind2=" ">
    <subfield code="a">Álvarez-Arenas, Eliseo</subfield>
  </datafield>
  <datafield tag="400" ind1="1" ind2=" ">
    <subfield code="a">Arenas, Eliseo Álvarez-</subfield>
  </datafield>
  <datafield tag="400" ind1="1" ind2=" ">
    <subfield code="a">Álvarez-Arenas Pacheco, Eliseo</subfield>
  </datafield>
  <datafield tag="400" ind1="1" ind2=" ">
    <subfield code="a">Pacheco, Eliseo Álvarez-Arenas</subfield>
  </datafield>
  <datafield tag="670" ind1=" " ind2=" ">
    <subfield code="a">His De la guerra y de sus hombres, 1983:</subfield>
    <subfield code="b">t.p. (Eliseo Alvarez-Arenas)</subfield>
  </datafield>
  <datafield tag="670" ind1=" " ind2=" ">
    <subfield code="a">El país WWW site, Sept. 26, 2011</subfield>
    <subfield code="b">(in obituary dated Sept. 24, 2011: Eliseo Álvarez-Arenas; almirante Eliseo Álvarez Arenas-Pacheco; Eliseo Álvarez-Arenas Pacheco; b. 1923, Ceuta; d. Wednesday [Sept. 21, 2011] at 87)</subfield>
  </datafield>
</record>